@article{aquino2018bayesian,
  title={Bayesian analysis of 210 Pb dating},
  author={Aquino-L{\'o}pez, Marco A and Blaauw, Maarten and Christen, J Andr{\'e}s and Sanderson, Nicole K},
  journal={Journal of Agricultural, Biological and Environmental Statistics},
  volume={23},
  number={3},
  pages={317--333},
  year={2018},
  publisher={Springer}
}

@article{howard2014coastal,
  title={Coastal blue carbon: methods for assessing carbon stocks and emissions factors in mangroves, tidal salt marshes, and seagrasses},
  author={Howard, J and Hoyt, S and Isensee, K and Telszewski, M and Pidgeon, E},
  year={2014}
}

@article{mathieson2010floristic,
  title={A floristic comparison of seaweeds from James Bay and three contiguous northeastern Canadian Arctic sites},
  author={Mathieson, Arthur C and Moore, Gregg E and Short, Frederick T},
  journal={Rhodora},
  volume={112},
  number={952},
  pages={396--434},
  year={2010},
  publisher={The New England Botanical Club 810 East 10th St., Lawrence, KS 66044}
}
